@article{p0,
  title   = {Large language models can support generation of standardized discharge
summaries â€“ A retrospective study utilizing ChatGPT-4 and electronic
health records},
  journal = {International Journal of Medical Informatics},
  year    = {2024},
}

@article{p1,
    title = {Does Prompt Formatting Have Any Impact on LLM Performance?},
    journal = {arXiv:2411.10541v1},
    year = {2024}
}
